@misc{1511.06581,
Author = {Ziyu Wang and Tom Schaul and Matteo Hessel and Hado van Hasselt and Marc Lanctot and Nando de Freitas},
Title = {Dueling Network Architectures for Deep Reinforcement Learning},
Year = {2015},
Eprint = {arXiv:1511.06581},
}

@misc{1509.06461,
Author = {Hado van Hasselt and Arthur Guez and David Silver},
Title = {Deep Reinforcement Learning with Double Q-learning},
Year = {2015},
Eprint = {arXiv:1509.06461},
}

@misc{open.ai,
Title = {OpenAI Gym},
howpublished = {\url{gym.openai.com}},
note = {Accessed: 2019-07-12}
}

@misc{deepmind,
Title = {DeepMind},
howpublished = {\url{deepmind.com}},
note = {Accessed: 2019-07-15}
}

@misc{nature_dqn,
Author = {Volodymyr Mnih and Koray Kavukcuoglu and David Silver and Alex Graves and Ioannis Antonoglou and Daan Wierstra and Martin Riedmiller},
Title = {Playing Atari with Deep Reinforcement Learning},
Year = {2013}
}

@misc{git,
Title = {Project Git Page},
howpublished = {\url{gitlab.com/proch92/sir/tree/master/project/rl/DDQN}},
note = {Accessed: 2019-07-16}
}